@online{overflow_note,
    url="http://teaching.idallen.com/dat2343/10f/notes/040_overflow.txt",
    urldate = "06/07/2021",
    author="{Ian! D. Allen}",
    title="{The CARRY flag and OVERFLOW flag in binary arithmetic}"
}